@techreport{hawick1995conjugate,
  title={Conjugate gradient algorithms in Fortran 90 and high performance Fortran},
  author={Hawick, KA and Dincer, Kivanc and Robinson, Guy and Fox, GC},
  year={1995},
  institution={NPAC Technical Report SCCS-691}
}


@book{allaire2008numerical,
  title={Numerical linear algebra},
  author={Allaire, Gr{\'e}goire and Kaber, Sidi Mahmoud},
  volume={55},
  year={2008},
  publisher={Springer}
}

@book{dongarra1991solving,
  title={Solving linear systems on vector and shared memory computers},
  author={Dongarra, Jack J and Duff, Iain S and Sorensen, Danny C and Van der Vorst, Henk A},
  year={1991},
  publisher={Siam Philadelphia.}
}



@article{hockney1994parkbench,
  title={Parkbench report: Public international benchmarks for parallel computers},
  author={Hockney, R},
  journal={Scientific Programming},
  volume={3},
  number={2},
  pages={101--146},
  year={1994}
}



@techreport{bailey1995parallel,
  title={The NAS parallel benchmarks 2.0},
  author={Bailey, David and Harris, Tim and Saphir, William and Van Der Wijngaart, Rob and Woo, Alex and Yarrow, Maurice},
  year={1995},
  institution={Technical Report NAS-95-020, NASA Ames Research Center}
}


@inproceedings{bogusz1994preliminary,
  title={Preliminary evaluation of high-performance Fortran as a language for computational fluid dynamics},
  author={Bogusz, E and Fox, G and Haupt, T and Hawick, K and Ranka, S},
  booktitle={Fluid Dynamics Conference},
  pages={2262},
  year={1994}
}



@book{duff2017direct,
  title={Direct methods for sparse matrices},
  author={Duff, Iain S and Erisman, Albert Maurice and Reid, John Ker},
  year={2017},
  publisher={Oxford University Press}
}



@inproceedings{cheng1995distributed,
  title={Distributed Computational Electromagnetics Systems.},
  author={Cheng, Gang and Hawick, Kenneth A and Mortensen, Gerald and Fox, Geoffrey C},
  booktitle={PPSC},
  pages={231--236},
  year={1995}
}


@book{barrett1994templates,
  title={Templates for the solution of linear systems: building blocks for iterative methods},
  author={Barrett, Richard and Berry, Michael W and Chan, Tony F and Demmel, James and Donato, June and Dongarra, Jack and Eijkhout, Victor and Pozo, Roldan and Romine, Charles and Van der Vorst, Henk},
  volume={43},
  year={1994},
  publisher={Siam}
}


@ARTICLE{Figueredo:2009dg,
   author = {Figueredo, A.~J. and Wolf, P. S.~A.},
   title = {Assortative pairing and life history strategy - a cross-cultural study.},
   journal = {Human Nature},
   volume = {20},
   pages = {317-330},
   year = {2009}
}











@article{chalmers2000neural,
  title={What is a neural correlate of consciousness},
  author={Chalmers, David J},
  journal={Neural correlates of consciousness: Empirical and conceptual questions},
  pages={17--40},
  year={2000},
  publisher={MIT press Cambridge, MA}
}

@book{laureys2015neurology,
  title={The neurology of consciousness: cognitive neuroscience and neuropathology},
  author={Laureys, Steven and Gosseries, Olivia and Tononi, Giulio},
  year={2015},
  publisher={Academic Press}
}

@article{koch2007attention,
  title={Attention and consciousness: two distinct brain processes},
  author={Koch, Christof and Tsuchiya, Naotsugu},
  journal={Trends in cognitive sciences},
  volume={11},
  number={1},
  pages={16--22},
  year={2007},
  publisher={Elsevier}
}


@article{raichle2015brain,
  title={The brain's default mode network},
  author={Raichle, Marcus E},
  journal={Annual review of neuroscience},
  volume={38},
  pages={433--447},
  year={2015},
  publisher={Annual Reviews}
}

@article{fu2018single,
  title={Single-Neuron Correlates of Awareness during Attentional Blinks},
  author={Fu, Zhongzheng and Rutishauser, Ueli},
  journal={Trends in cognitive sciences},
  volume={22},
  number={1},
  pages={5--7},
  year={2018},
  publisher={Elsevier}
}



@book{binder2008encyclopedia,
  title={Encyclopedia of Neuroscience},
  author={Binder, M.D. and Hirokawa, N. and Windhorst, U.},
  isbn={9783540237358},
  series={Encyclopedia of Neuroscience},
  url={https://books.google.com/books?id=VWSGvwEACAAJ},
  year={2008},
  publisher={Springer Berlin Heidelberg}
}

@book{bear2016neuroscience	,
  title={Neuroscience: Exploring the Brain},
  author={Bear, M.F. and Connors, B.W. and Paradiso, M.A.},
  isbn={9780781778176},
  lccn={2014047026},
  url={https://books.google.com/books?id=vVz4oAEACAAJ},
  year={2016},
  publisher={Wolters Kluwer}
}

